@article{neat2002,
  title={Evolving neural networks through augmenting topologies},
  author={Stanley, Kenneth O and Miikkulainen, Risto},
  journal={Evolutionary computation},
  volume={10},
  number={2},
  pages={99--127},
  year={2002},
  publisher={MIT Press}
}
@misc{neat-python,
    Title = {neat-python},
    Author = {Alan McIntyre and Matt Kallada and Cesar G. Miguel and Carolina Feher da Silva},
    howpublished = {\url{https://github.com/CodeReclaimers/neat-python}}
}
